<record xmlns="http://www.loc.gov/MARC21/slim" xmlns:xsi="http://www.w3.org/2001/XMLSchema-instance" xsi:schemaLocation="http://www.loc.gov/MARC21/slim http://www.loc.gov/standards/marcxml/schema/MARC21slim.xsd">

  <leader>00938nam a2200193Ia 4500</leader>
  <datafield tag="999" ind2=" " ind1=" ">
    <subfield code="c">1376</subfield>
    <subfield code="d">1376</subfield>
  </datafield>
  <controlfield tag="008">170621b1987    cr ||||| |||| 00| | spa d</controlfield>
  <datafield tag="090" ind2=" " ind1=" ">
    <subfield code="a">06.01.00 </subfield>
    <subfield code="b">371</subfield>
  </datafield>
  <datafield ind1="2" tag="111" ind2=" ">
    <subfield code="a">Encuentro Centroamericano de Investigación en Educación [1° : 1987 : San José, C.R.]</subfield>
    <subfield code="9">2959</subfield>
  </datafield>
  <datafield tag="245" ind2="0" ind1="1">
    <subfield code="a">Compendio de resúmenes</subfield>
  </datafield>
  <datafield ind2=" " tag="260" ind1=" ">
    <subfield code="a">Alajuela, Costa Rica : </subfield>
    <subfield code="b">CIPET, </subfield>
    <subfield code="c">1987</subfield>
  </datafield>
  <datafield ind2=" " tag="300" ind1=" ">
    <subfield code="a">1 volumen</subfield>
  </datafield>
  <datafield ind1=" " tag="500" ind2=" ">
    <subfield code="a">La unidad posee Memoria del IV Encuentro Nacional y I centroamericano de Investigadores en Educación / compilada por Zaida Sánchez, Emilce Salas, Jorge Ramírez</subfield>
  </datafield>
  <datafield ind2="4" tag="650" ind1="1">
    <subfield code="a">INVESTIGACIÓN EDUCATIVA</subfield>
    <subfield code="9">326</subfield>
  </datafield>
  <datafield ind1="1" ind2="4" tag="650">
    <subfield code="a">RENDIMIENTO ACADÉMICO</subfield>
    <subfield code="9">1095</subfield>
  </datafield>
  <datafield tag="650" ind2="4" ind1="1">
    <subfield code="a">PSICOLOGÍA DE LA EDUCACIÓN</subfield>
    <subfield code="9">625</subfield>
  </datafield>
  <datafield tag="650" ind2="4" ind1="1">
    <subfield code="a">EVALUACIÓN </subfield>
    <subfield code="9">287</subfield>
  </datafield>
  <datafield ind2=" " tag="711" ind1=" ">
    <subfield code="a">Encuentro Centroamericano de Investigación en Educación [1° : 1987 : San José, C.R.] Encuentro Nacional de Investigación en Educación [4° : 1987 : San José, C.R.]</subfield>
    <subfield code="9">2960</subfield>
  </datafield>
  <datafield ind1=" " ind2=" " tag="942">
    <subfield code="2">z</subfield>
    <subfield code="c">01</subfield>
  </datafield>
</record>